0                 01BBL       Shri Aarna Unit Trust     616596Payroll22Sep220924                                        
1063-001 11069187 530000100300Sanil Babu Chilukuri            Kellys Supermarket633-000176937498Shri Aarna Unit 00000000
1732-750   722102 530000072609Jesse Calf                      Shri Aarna Pay    633-000176937498Shri Aarna Unit 00000000
1633-000147260491 530000043606Sammie Jane Harris              Kellys Supermarket633-000176937498Shri Aarna Unit 00000000
1633-000110191335 530000090000T J Anstice                     Coly Roadhouse    633-000176937498Shri Aarna Unit 00000000
1063-994 10214623 530000082300Niharika Bathula                Shri Aarna Pay    633-000176937498Shri Aarna Unit 00000000
1633-000194281929 530000020515Marli Simoes                    Shri Aarna PTY LTD633-000176937498Shri Aarna Unit 00000000
1633-000180749467 530000020515Nicolas John Pretty             Shri Aarna Pay    633-000176937498Shri Aarna Unit 00000000
1732-543   596887 530000068563Angela Gowans                   Shri Aarna PAY    633-000176937498Shri Aarna Unit 00000000
1633-000110006921 530000024730Wendy Heritage                  Shri Aarna PAY    633-000176937498Shri Aarna Unit 00000000
1633-000185002383 530000013848Avalon Rossato                  Shri Aarna PAY    633-000176937498Shri Aarna Unit 00000000
1633-000176937498 130000536986Shri Aarna Unit Trust           SALARIES AND WAGES633-000176937498Shri Aarna Unit 00000000
7999-999            000000000000005369860000536986                        000011                                        
